<?xml version="1.0" encoding="UTF-8"?><record xmlns="http://www.loc.gov/MARC21/slim" xmlns:cinclude="http://apache.org/cocoon/include/1.0" xmlns:zs="http://www.loc.gov/zing/srw/">
  <leader>01483cz  a2200313n  4500</leader>
  <controlfield tag="001">n  81035517 </controlfield>
  <controlfield tag="003">DLC</controlfield>
  <controlfield tag="005">20130313081924.0</controlfield>
  <controlfield tag="008">810811n| azannaabn          |n aaa      </controlfield>
  <datafield tag="010" ind1=" " ind2=" ">
    <subfield code="a">n  81035517 </subfield>
  </datafield>
  <datafield tag="035" ind1=" " ind2=" ">
    <subfield code="a">(OCoLC)oca00581167</subfield>
  </datafield>
  <datafield tag="040" ind1=" " ind2=" ">
    <subfield code="a">DLC</subfield>
    <subfield code="b">eng</subfield>
    <subfield code="c">DLC</subfield>
    <subfield code="d">DLC</subfield>
    <subfield code="d">IEN</subfield>
    <subfield code="e">rda</subfield>
    <subfield code="d">DeGH</subfield>
  </datafield>
  <datafield tag="046" ind1=" " ind2=" ">
    <subfield code="f">19221012</subfield>
    <subfield code="g">19940414</subfield>
  </datafield>
  <datafield tag="100" ind1="1" ind2=" ">
    <subfield code="a">Aitken, Hugh G. J.</subfield>
  </datafield>
  <datafield tag="370" ind1=" " ind2=" ">
    <subfield code="a">Deal, England</subfield>
    <subfield code="b">Northampton, Mass.</subfield>
    <subfield code="c">U.S.</subfield>
    <subfield code="e">Riverside, Calif.</subfield>
    <subfield code="e">Amherst, Mass.</subfield>
  </datafield>
  <datafield tag="372" ind1=" " ind2=" ">
    <subfield code="a">Economic history</subfield>
    <subfield code="2">lcsh</subfield>
  </datafield>
  <datafield tag="372" ind1=" " ind2=" ">
    <subfield code="a">Technology--History</subfield>
    <subfield code="2">lcsh</subfield>
  </datafield>
  <datafield tag="373" ind1=" " ind2=" ">
    <subfield code="a">Harvard University</subfield>
    <subfield code="s">1951</subfield>
    <subfield code="t">1955</subfield>
  </datafield>
  <datafield tag="373" ind1=" " ind2=" ">
    <subfield code="a">University of California, Riverside</subfield>
    <subfield code="s">1955</subfield>
    <subfield code="t">1965</subfield>
  </datafield>
  <datafield tag="373" ind1=" " ind2=" ">
    <subfield code="a">Amherst College</subfield>
    <subfield code="s">1965</subfield>
    <subfield code="t">1994</subfield>
  </datafield>
  <datafield tag="374" ind1=" " ind2=" ">
    <subfield code="a">Historian</subfield>
  </datafield>
  <datafield tag="374" ind1=" " ind2=" ">
    <subfield code="a">College teacher</subfield>
  </datafield>
  <datafield tag="375" ind1=" " ind2=" ">
    <subfield code="a">male</subfield>
  </datafield>
  <datafield tag="377" ind1=" " ind2=" ">
    <subfield code="a">eng</subfield>
  </datafield>
  <datafield tag="670" ind1=" " ind2=" ">
    <subfield code="a">His The Welland Canal Company, 1954.</subfield>
  </datafield>
  <datafield tag="670" ind1=" " ind2=" ">
    <subfield code="a">His The continuous wave, c1985:</subfield>
    <subfield code="b">CIP t.p. (Hugh G. J. Aitken) pub. info. (Hugh George Jeffrey Aitken)</subfield>
  </datafield>
  <datafield tag="670" ind1=" " ind2=" ">
    <subfield code="a">Info. converted from 678, 2012-10-02</subfield>
    <subfield code="b">(b. 10-12-22)</subfield>
  </datafield>
  <datafield tag="670" ind1=" " ind2=" ">
    <subfield code="a">Journal of economic history, volume 54, 1994 :</subfield>
    <subfield code="b">page 917 (Hugh G. J. Aitken; born 1922 at Deal, England; died April 14, 1994 at Northampton, Mass.; economic historian and historian of technology; at Harvard University's Entrepreneurial History Center, 1951-1955; at University of California, Riverside, 1955-1965; at Amherst College, 1965-1994)</subfield>
  </datafield>
  <datafield tag="678" ind1="0" ind2=" ">
    <subfield code="a">Hugh George Jeffey Aitken (1922-1994) was a noted American economic historian and historian of technology.</subfield>
  </datafield>
</record>